|j|☆AceGangsta
|j|☆Musssab
|t:|1743930934
|gametype|singles
|player|p1|AceGangsta|benga|1150
|player|p2|Musssab|psychic-gen4|1112
|teamsize|p1|6
|teamsize|p2|6
|gen|9
|tier|[Gen 9] OU
|rated|
|rule|HP Percentage Mod: HP is shown in percentages
|rule|Endless Battle Clause: Forcing endless battles is banned
|rule|Species Clause: Limit one of each Pokémon
|rule|OHKO Clause: OHKO moves are banned
|rule|Evasion Items Clause: Evasion items are banned
|rule|Evasion Moves Clause: Evasion moves are banned
|rule|Sleep Moves Clause: Sleep-inducing moves are banned
|clearpoke
|poke|p1|Ursaluna, M|
|poke|p1|Blissey, F|
|poke|p1|Gholdengo|
|poke|p1|Corviknight, F|
|poke|p1|Iron Valiant|
|poke|p1|Kleavor, M|
|poke|p2|Lycanroc-Dusk, M|
|poke|p2|Gyarados, M|
|poke|p2|Hatterene, F|
|poke|p2|Decidueye-Hisui, M|
|poke|p2|Infernape, F|
|poke|p2|Hydreigon, M|
|teampreview
|inactive|Battle timer is ON: inactive players will automatically lose when time's up. (requested by AceGangsta)
|
|t:|1743930944
|start
|switch|p1a: Corviknight|Corviknight, F|100/100
|switch|p2a: Canic|Lycanroc-Dusk, M, shiny|100/100
|-ability|p1a: Corviknight|Pressure
|turn|1
|
|t:|1743930962
|move|p2a: Canic|Accelerock|p1a: Corviknight
|-damage|p1a: Corviknight|84/100
|-damage|p2a: Canic|84/100|[from] item: Rocky Helmet|[of] p1a: Corviknight
|move|p1a: Corviknight|Body Press|p2a: Canic
|-supereffective|p2a: Canic
|-damage|p2a: Canic|2/100
|
|upkeep
|turn|2
|
|t:|1743930969
|move|p2a: Canic|Endeavor|p1a: Corviknight
|-damage|p1a: Corviknight|1/100
|-damage|p2a: Canic|0 fnt|[from] item: Rocky Helmet|[of] p1a: Corviknight
|faint|p2a: Canic
|move|p1a: Corviknight|U-turn|p2: Canic|[notarget]
|-fail|p1a: Corviknight
|
|upkeep
|
|t:|1743930980
|switch|p2a: Azula|Infernape, F|100/100
|turn|3
|
|t:|1743930983
|move|p2a: Azula|Vacuum Wave|p1a: Corviknight
|-damage|p1a: Corviknight|0 fnt
|faint|p1a: Corviknight
|
|upkeep
|
|t:|1743930988
|switch|p1a: Ursaluna|Ursaluna, M|100/100
|turn|4
|
|t:|1743930998
|-terastallize|p2a: Azula|Grass
|-terastallize|p1a: Ursaluna|Ground
|move|p2a: Azula|Solar Beam||[still]
|-prepare|p2a: Azula|Solar Beam
|-enditem|p2a: Azula|Power Herb
|-anim|p2a: Azula|Solar Beam|p1a: Ursaluna
|-supereffective|p1a: Ursaluna
|-damage|p1a: Ursaluna|0 fnt
|faint|p1a: Ursaluna
|
|upkeep
|
|t:|1743931012
|switch|p1a: Iron Valiant|Iron Valiant|100/100
|-enditem|p1a: Iron Valiant|Booster Energy
|-activate|p1a: Iron Valiant|ability: Quark Drive|[fromitem]
|-start|p1a: Iron Valiant|quarkdrivespa
|turn|5
|
|t:|1743931025
|move|p2a: Azula|Overheat|p1a: Iron Valiant
|-damage|p1a: Iron Valiant|3/100
|-unboost|p2a: Azula|spa|2
|move|p1a: Iron Valiant|Calm Mind|p1a: Iron Valiant
|-boost|p1a: Iron Valiant|spa|1
|-boost|p1a: Iron Valiant|spd|1
|
|upkeep
|turn|6
|inactive|AceGangsta has 120 seconds left.
|inactive|AceGangsta has 90 seconds left.
|inactive|AceGangsta has 60 seconds left.
|inactive|AceGangsta has 30 seconds left.
|inactive|AceGangsta has 20 seconds left.
|inactive|AceGangsta has 15 seconds left.
|inactive|AceGangsta has 10 seconds left.
|inactive|AceGangsta has 5 seconds left.
|-message|AceGangsta lost due to inactivity.
|
|win|Musssab
|raw|AceGangsta's rating: 1176 &rarr; <strong>1146</strong><br />(-30 for losing)
|raw|Musssab's rating: 1112 &rarr; <strong>1142</strong><br />(+30 for winning)
|l|☆Musssab
|player|p2|
