|j|☆wezzahobnobbs
|j|☆JGabrielCO
|t:|1743900031
|gametype|singles
|player|p1|wezzahobnobbs|depotagent|1148
|player|p2|JGabrielCO|1|1198
|teamsize|p1|6
|teamsize|p2|6
|gen|9
|tier|[Gen 9] OU
|rated|
|rule|HP Percentage Mod: HP is shown in percentages
|rule|Endless Battle Clause: Forcing endless battles is banned
|rule|Species Clause: Limit one of each Pokémon
|rule|OHKO Clause: OHKO moves are banned
|rule|Evasion Items Clause: Evasion items are banned
|rule|Evasion Moves Clause: Evasion moves are banned
|rule|Sleep Moves Clause: Sleep-inducing moves are banned
|clearpoke
|poke|p1|Jirachi|
|poke|p1|Araquanid, M|
|poke|p1|Great Tusk|
|poke|p1|Ogerpon-Wellspring, F|
|poke|p1|Darkrai|
|poke|p1|Raging Bolt|
|poke|p2|Slowking-Galar, M|
|poke|p2|Bruxish, F|
|poke|p2|Iron Valiant|
|poke|p2|Meowscarada, M|
|poke|p2|Cinderace, M|
|poke|p2|Landorus-Therian, M|
|teampreview
|inactive|Battle timer is ON: inactive players will automatically lose when time's up. (requested by JGabrielCO)
|
|t:|1743900045
|start
|switch|p1a: Raging Bolt|Raging Bolt|100/100
|switch|p2a: Bruxish|Bruxish, F|100/100
|turn|1
|
|t:|1743900053
|move|p2a: Bruxish|Flip Turn|p1a: Raging Bolt
|-resisted|p1a: Raging Bolt
|-damage|p1a: Raging Bolt|80/100
|
|t:|1743900057
|switch|p2a: Landorus|Landorus-Therian, M|100/100|[from] Flip Turn
|-ability|p2a: Landorus|Intimidate|boost
|-unboost|p1a: Raging Bolt|atk|1
|move|p1a: Raging Bolt|Volt Switch|p2a: Landorus
|-immune|p2a: Landorus
|
|upkeep
|turn|2
|
|t:|1743900065
|-end|p1a: Raging Bolt|Protosynthesis|[silent]
|switch|p1a: Araquanid|Araquanid, M|100/100
|move|p2a: Landorus|U-turn|p1a: Araquanid
|-damage|p1a: Araquanid|80/100
|
|t:|1743900070
|switch|p2a: Bruxish|Bruxish, F|100/100|[from] U-turn
|
|upkeep
|turn|3
|
|t:|1743900078
|move|p2a: Bruxish|Psychic Fangs|p1a: Araquanid
|-damage|p1a: Araquanid|16/100
|move|p1a: Araquanid|Sticky Web|p2a: Bruxish
|-sidestart|p2: JGabrielCO|move: Sticky Web
|
|upkeep
|turn|4
|-enditem|p1a: Araquanid|Custap Berry|[eat]
|-activate|p1a: Araquanid|item: Custap Berry|[consumed]
|
|t:|1743900083
|move|p1a: Araquanid|Endeavor|p2a: Bruxish
|-damage|p2a: Bruxish|20/100
|move|p2a: Bruxish|Psychic Fangs|p1a: Araquanid
|-damage|p1a: Araquanid|0 fnt
|faint|p1a: Araquanid
|
|upkeep
|
|t:|1743900096
|switch|p1a: Darkrai|Darkrai|100/100
|turn|5
|
|t:|1743900099
|move|p1a: Darkrai|Nasty Plot|p1a: Darkrai
|-boost|p1a: Darkrai|spa|2
|move|p2a: Bruxish|Psychic Fangs|p1a: Darkrai
|-immune|p1a: Darkrai
|
|upkeep
|turn|6
|-message|JGabrielCO forfeited.
|
|win|wezzahobnobbs
|raw|wezzahobnobbs's rating: 1148 &rarr; <strong>1177</strong><br />(+29 for winning)
|raw|JGabrielCO's rating: 1198 &rarr; <strong>1169</strong><br />(-29 for losing)
|l|☆JGabrielCO
|player|p2|
|l|☆wezzahobnobbs
|player|p1|
