|j|☆glirok
|j|☆MMMILIKE CHHESS
|t:|1743879524
|gametype|singles
|player|p1|glirok|170|1077
|player|p2|MMMILIKE CHHESS|170|1073
|teamsize|p1|6
|teamsize|p2|6
|gen|9
|tier|[Gen 9] OU
|rated|
|rule|HP Percentage Mod: HP is shown in percentages
|rule|Endless Battle Clause: Forcing endless battles is banned
|rule|Species Clause: Limit one of each Pokémon
|rule|OHKO Clause: OHKO moves are banned
|rule|Evasion Items Clause: Evasion items are banned
|rule|Evasion Moves Clause: Evasion moves are banned
|rule|Sleep Moves Clause: Sleep-inducing moves are banned
|clearpoke
|poke|p1|Araquanid, F|
|poke|p1|Great Tusk|
|poke|p1|Gholdengo|
|poke|p1|Hatterene, F|
|poke|p1|Iron Moth|
|poke|p1|Darkrai|
|poke|p2|Basculegion-F, F|
|poke|p2|Tornadus, M|
|poke|p2|Glimmora, F|
|poke|p2|Dragapult, M|
|poke|p2|Garganacl, M|
|poke|p2|Scizor, M|
|teampreview
|
|t:|1743879535
|start
|switch|p1a: Araquanid|Araquanid, F|100/100
|switch|p2a: Glimmora|Glimmora, F|100/100
|turn|1
|
|t:|1743879550
|move|p2a: Glimmora|Stealth Rock|p1a: Araquanid
|-sidestart|p1: glirok|move: Stealth Rock
|move|p1a: Araquanid|Sticky Web|p2a: Glimmora
|-sidestart|p2: MMMILIKE CHHESS|move: Sticky Web
|
|upkeep
|turn|2
|
|t:|1743879559
|switch|p1a: Gholdengo|Gholdengo|100/100
|-damage|p1a: Gholdengo|94/100|[from] Stealth Rock
|move|p2a: Glimmora|Stone Edge|p1a: Gholdengo|[miss]
|-miss|p2a: Glimmora|p1a: Gholdengo
|
|upkeep
|turn|3
|
|t:|1743879583
|switch|p2a: Tornadus|Tornadus, M|100/100
|move|p1a: Gholdengo|Make It Rain|p2a: Tornadus
|-damage|p2a: Tornadus|0 fnt
|-unboost|p1a: Gholdengo|spa|1
|faint|p2a: Tornadus
|
|upkeep
|
|t:|1743879595
|switch|p2a: Scizor|Scizor, M|100/100
|-activate|p2a: Scizor|move: Sticky Web
|-unboost|p2a: Scizor|spe|1
|turn|4
|inactive|Battle timer is ON: inactive players will automatically lose when time's up. (requested by MMMILIKE CHHESS)
|l|☆glirok
|inactive|glirok disconnected and has a minute to reconnect!
|player|p1|
|inactive|glirok has 30 seconds to reconnect!
|inactive|glirok has 20 seconds to reconnect!
|inactive|glirok has 15 seconds to reconnect!
|inactive|glirok has 10 seconds to reconnect!
|inactive|glirok has 5 seconds to reconnect!
|-message|glirok lost due to inactivity.
|
|win|MMMILIKE CHHESS
|raw|glirok's rating: 1077 &rarr; <strong>1055</strong><br />(-22 for losing)
|raw|MMMILIKE CHHESS's rating: 1073 &rarr; <strong>1102</strong><br />(+29 for winning)
