|j|☆bigchungusin2025
|j|☆esquimilo
|t:|1743861640
|gametype|singles
|player|p1|bigchungusin2025|2|1164
|player|p2|esquimilo|266|1140
|teamsize|p1|6
|teamsize|p2|6
|gen|9
|tier|[Gen 9] OU
|rated|
|rule|HP Percentage Mod: HP is shown in percentages
|rule|Endless Battle Clause: Forcing endless battles is banned
|rule|Species Clause: Limit one of each Pokémon
|rule|OHKO Clause: OHKO moves are banned
|rule|Evasion Items Clause: Evasion items are banned
|rule|Evasion Moves Clause: Evasion moves are banned
|rule|Sleep Moves Clause: Sleep-inducing moves are banned
|clearpoke
|poke|p1|Araquanid, F|
|poke|p1|Iron Treads|
|poke|p1|Cinderace, F|
|poke|p1|Kingambit, F|
|poke|p1|Pecharunt|
|poke|p1|Dragonite, F|
|poke|p2|Garchomp, F|
|poke|p2|Clawitzer, M|
|poke|p2|Slowking-Galar, M|
|poke|p2|Iron Treads|
|poke|p2|Cinderace, M|
|poke|p2|Zamazenta-*|
|teampreview
|inactive|Battle timer is ON: inactive players will automatically lose when time's up. (requested by esquimilo)
|
|t:|1743861654
|start
|switch|p1a: Araquanid|Araquanid, F, shiny|100/100
|switch|p2a: Garchomp|Garchomp, F|100/100
|turn|1
|
|t:|1743861662
|move|p2a: Garchomp|Stealth Rock|p1a: Araquanid
|-sidestart|p1: bigchungusin2025|move: Stealth Rock
|move|p1a: Araquanid|Sticky Web|p2a: Garchomp
|-sidestart|p2: esquimilo|move: Sticky Web
|
|upkeep
|turn|2
|
|t:|1743861669
|move|p1a: Araquanid|Liquidation|p2a: Garchomp
|-damage|p2a: Garchomp|69/100
|-damage|p1a: Araquanid|88/100|[from] ability: Rough Skin|[of] p2a: Garchomp
|-damage|p1a: Araquanid|72/100|[from] item: Rocky Helmet|[of] p2a: Garchomp
|move|p2a: Garchomp|Dragon Tail|p1a: Araquanid
|-crit|p1a: Araquanid
|-damage|p1a: Araquanid|42/100
|drag|p1a: Dragonite|Dragonite, F|100/100
|-damage|p1a: Dragonite|76/100|[from] Stealth Rock
|
|upkeep
|turn|3
|
|t:|1743861683
|switch|p2a: Clawitzer|Clawitzer, M|100/100
|-activate|p2a: Clawitzer|move: Sticky Web
|-unboost|p2a: Clawitzer|spe|1
|move|p1a: Dragonite|Ice Spinner|p2a: Clawitzer
|-resisted|p2a: Clawitzer
|-damage|p2a: Clawitzer|83/100
|
|upkeep
|turn|4
|-message|bigchungusin2025 forfeited.
|
|win|esquimilo
|raw|bigchungusin2025's rating: 1164 &rarr; <strong>1137</strong><br />(-27 for losing)
|raw|esquimilo's rating: 1140 &rarr; <strong>1167</strong><br />(+27 for winning)
|l|☆bigchungusin2025
|player|p1|
|l|☆esquimilo
|player|p2|
