|j|☆R10Luke
|j|☆Xgermanclownx
|t:|1743856073
|gametype|singles
|player|p1|R10Luke|riley|1098
|player|p2|Xgermanclownx|101|1089
|teamsize|p1|6
|teamsize|p2|6
|gen|9
|tier|[Gen 9] OU
|rated|
|rule|HP Percentage Mod: HP is shown in percentages
|rule|Endless Battle Clause: Forcing endless battles is banned
|rule|Species Clause: Limit one of each Pokémon
|rule|OHKO Clause: OHKO moves are banned
|rule|Evasion Items Clause: Evasion items are banned
|rule|Evasion Moves Clause: Evasion moves are banned
|rule|Sleep Moves Clause: Sleep-inducing moves are banned
|clearpoke
|poke|p1|Toxapex, M|
|poke|p1|Lucario, F|
|poke|p1|Zoroark-Hisui, F|
|poke|p1|Salamence, F|
|poke|p1|Kilowattrel, F|
|poke|p1|Corviknight, M|
|poke|p2|Tinkaton, F|
|poke|p2|Great Tusk|
|poke|p2|Iron Moth|
|poke|p2|Primarina, F|
|poke|p2|Dragapult, M|
|poke|p2|Zapdos|
|teampreview
|inactive|Battle timer is ON: inactive players will automatically lose when time's up. (requested by Xgermanclownx)
|inactive|R10Luke also wants the timer to be on.
|c|☆Xgermanclownx|Gl hf
|inactive|R10Luke has 120 seconds left.
|
|t:|1743856125
|start
|switch|p1a: Minato|Lucario, F, shiny|100/100
|switch|p2a: Iron Moth|Iron Moth|100/100
|-enditem|p2a: Iron Moth|Booster Energy
|-activate|p2a: Iron Moth|ability: Quark Drive|[fromitem]
|-start|p2a: Iron Moth|quarkdrivespe
|turn|1
|inactive|Xgermanclownx has 120 seconds left.
|inactive|Xgermanclownx has 90 seconds left.
|inactive|Xgermanclownx has 60 seconds left.
|inactive|Xgermanclownx has 30 seconds left.
|inactive|Xgermanclownx has 20 seconds left.
|inactive|Xgermanclownx has 15 seconds left.
|inactive|Xgermanclownx has 10 seconds left.
|inactive|Xgermanclownx has 5 seconds left.
|-message|Xgermanclownx lost due to inactivity.
|
|win|R10Luke
|raw|R10Luke's rating: 1098 &rarr; <strong>1123</strong><br />(+25 for winning)
|raw|Xgermanclownx's rating: 1089 &rarr; <strong>1066</strong><br />(-23 for losing)
