|j|☆Daybrick
|j|☆dunkpepe
|t:|1743837223
|gametype|singles
|player|p1|Daybrick|265|1554
|player|p2|dunkpepe|dawn|1592
|teamsize|p1|6
|teamsize|p2|6
|gen|9
|tier|[Gen 9] OU
|rated|
|rule|HP Percentage Mod: HP is shown in percentages
|rule|Endless Battle Clause: Forcing endless battles is banned
|rule|Species Clause: Limit one of each Pokémon
|rule|OHKO Clause: OHKO moves are banned
|rule|Evasion Items Clause: Evasion items are banned
|rule|Evasion Moves Clause: Evasion moves are banned
|rule|Sleep Moves Clause: Sleep-inducing moves are banned
|clearpoke
|poke|p1|Iron Moth|
|poke|p1|Mamoswine, M|
|poke|p1|Iron Crown|
|poke|p1|Iron Hands|
|poke|p1|Meowscarada, M|
|poke|p1|Primarina, M|
|poke|p2|Pecharunt|
|poke|p2|Iron Crown|
|poke|p2|Great Tusk|
|poke|p2|Zapdos|
|poke|p2|Dragapult, M|
|poke|p2|Lokix, F|
|teampreview
|inactive|Battle timer is ON: inactive players will automatically lose when time's up. (requested by Daybrick)
|inactive|dunkpepe has 120 seconds left.
|inactive|dunkpepe has 90 seconds left.
|
|t:|1743837294
|start
|switch|p1a: Behemoth|Mamoswine, M, shiny|100/100
|switch|p2a: Iron Crown|Iron Crown|100/100
|turn|1
|
|t:|1743837302
|move|p2a: Iron Crown|Tachyon Cutter|p1a: Behemoth
|-supereffective|p1a: Behemoth
|-damage|p1a: Behemoth|23/100
|-supereffective|p1a: Behemoth
|-damage|p1a: Behemoth|0 fnt
|faint|p1a: Behemoth
|-hitcount|p1: Behemoth|2
|
|upkeep
|-message|Daybrick forfeited.
|
|win|dunkpepe
|raw|Daybrick's rating: 1554 &rarr; <strong>1536</strong><br />(-18 for losing)
|raw|dunkpepe's rating: 1592 &rarr; <strong>1610</strong><br />(+18 for winning)
|l|☆Daybrick
|player|p1|
