|j|☆whitepoliceman69
|j|☆notus126
|t:|1743780317
|gametype|singles
|player|p1|whitepoliceman69|102|1641
|player|p2|notus126|dawn|1601
|teamsize|p1|6
|teamsize|p2|6
|gen|9
|tier|[Gen 9] OU
|rated|
|rule|HP Percentage Mod: HP is shown in percentages
|rule|Endless Battle Clause: Forcing endless battles is banned
|rule|Species Clause: Limit one of each Pokémon
|rule|OHKO Clause: OHKO moves are banned
|rule|Evasion Items Clause: Evasion items are banned
|rule|Evasion Moves Clause: Evasion moves are banned
|rule|Sleep Moves Clause: Sleep-inducing moves are banned
|clearpoke
|poke|p1|Gengar, M|
|poke|p1|Rotom-Heat|
|poke|p1|Avalugg, M|
|poke|p1|Dragonite, M|
|poke|p1|Kingambit, F|
|poke|p1|Clodsire, M|
|poke|p2|Ninetales-Alola, M|
|poke|p2|Kyurem|
|poke|p2|Iron Crown|
|poke|p2|Moltres|
|poke|p2|Iron Treads|
|poke|p2|Ogerpon-Wellspring, F|
|teampreview
|inactive|Battle timer is ON: inactive players will automatically lose when time's up. (requested by notus126)
|
|t:|1743780336
|start
|switch|p1a: Rotom|Rotom-Heat|100/100
|switch|p2a: Ninetales|Ninetales-Alola, M|100/100
|-weather|Snowscape|[from] ability: Snow Warning|[of] p2a: Ninetales
|turn|1
|
|t:|1743780347
|move|p1a: Rotom|Overheat|p2a: Ninetales|[miss]
|-miss|p1a: Rotom|p2a: Ninetales
|move|p2a: Ninetales|Aurora Veil|p2a: Ninetales
|-sidestart|p2: notus126|move: Aurora Veil
|
|-weather|Snowscape|[upkeep]
|upkeep
|turn|2
|
|t:|1743780361
|switch|p2a: Moltres|Moltres|100/100
|move|p1a: Rotom|Overheat|p2a: Moltres
|-resisted|p2a: Moltres
|-damage|p2a: Moltres|85/100
|-unboost|p1a: Rotom|spa|2
|
|-weather|Snowscape|[upkeep]
|upkeep
|turn|3
|
|t:|1743780389
|switch|p1a: Clodsire|Clodsire, M|100/100
|switch|p2a: Kyurem|Kyurem|100/100
|-ability|p2a: Kyurem|Pressure
|
|-weather|Snowscape|[upkeep]
|upkeep
|turn|4
|
|t:|1743780397
|switch|p1a: Avalugg|Avalugg, M|100/100
|move|p2a: Kyurem|Dragon Dance|p2a: Kyurem
|-boost|p2a: Kyurem|atk|1
|-boost|p2a: Kyurem|spe|1
|
|-weather|Snowscape|[upkeep]
|upkeep
|turn|5
|
|t:|1743780407
|move|p2a: Kyurem|Dragon Dance|p2a: Kyurem
|-boost|p2a: Kyurem|atk|1
|-boost|p2a: Kyurem|spe|1
|move|p1a: Avalugg|Avalanche|p2a: Kyurem
|-damage|p2a: Kyurem|92/100
|
|-weather|none
|upkeep
|turn|6
|
|t:|1743780414
|move|p2a: Kyurem|Dragon Dance|p2a: Kyurem
|-boost|p2a: Kyurem|atk|1
|-boost|p2a: Kyurem|spe|1
|move|p1a: Avalugg|Avalanche|p2a: Kyurem
|-damage|p2a: Kyurem|80/100
|
|upkeep
|turn|7
|
|t:|1743780422
|move|p2a: Kyurem|Dragon Dance|p2a: Kyurem
|-boost|p2a: Kyurem|atk|1
|-boost|p2a: Kyurem|spe|1
|move|p1a: Avalugg|Avalanche|p2a: Kyurem
|-damage|p2a: Kyurem|68/100
|
|upkeep
|turn|8
|
|t:|1743780430
|move|p2a: Kyurem|Dragon Dance|p2a: Kyurem
|-boost|p2a: Kyurem|atk|1
|-boost|p2a: Kyurem|spe|1
|move|p1a: Avalugg|Avalanche|p2a: Kyurem
|-damage|p2a: Kyurem|55/100
|
|-sideend|p2: notus126|move: Aurora Veil
|upkeep
|turn|9
|l|☆whitepoliceman69
|inactive|whitepoliceman69 disconnected and has a minute to reconnect!
|player|p1|
|inactive|whitepoliceman69 has 30 seconds to reconnect!
|inactive|whitepoliceman69 has 20 seconds to reconnect!
|inactive|whitepoliceman69 has 15 seconds to reconnect!
|inactive|whitepoliceman69 has 10 seconds to reconnect!
|inactive|whitepoliceman69 has 5 seconds to reconnect!
|-message|whitepoliceman69 lost due to inactivity.
|
|win|notus126
|raw|whitepoliceman69's rating: 1641 &rarr; <strong>1619</strong><br />(-22 for losing)
|raw|notus126's rating: 1601 &rarr; <strong>1623</strong><br />(+22 for winning)
|j|☆whitepoliceman69
|player|p1|whitepoliceman69|102|
|l|☆whitepoliceman69
|player|p1|
|l|☆notus126
|player|p2|
