|j|☆piunicoulours
|j|☆sarl7
|t:|1743847929
|gametype|singles
|player|p1|piunicoulours|2|1363
|player|p2|sarl7|saturn|1337
|teamsize|p1|6
|teamsize|p2|6
|gen|9
|tier|[Gen 9] OU
|rated|
|rule|HP Percentage Mod: HP is shown in percentages
|rule|Endless Battle Clause: Forcing endless battles is banned
|rule|Species Clause: Limit one of each Pokémon
|rule|OHKO Clause: OHKO moves are banned
|rule|Evasion Items Clause: Evasion items are banned
|rule|Evasion Moves Clause: Evasion moves are banned
|rule|Sleep Moves Clause: Sleep-inducing moves are banned
|clearpoke
|poke|p1|Landorus-Therian, M|
|poke|p1|Slowking-Galar, M|
|poke|p1|Ogerpon-Wellspring, F|
|poke|p1|Raging Bolt|
|poke|p1|Kingambit, M|
|poke|p1|Zamazenta-*|
|poke|p2|Infernape, F|
|poke|p2|Spiritomb, M|
|poke|p2|Ting-Lu|
|poke|p2|Quaquaval, M|
|poke|p2|Dragapult, F|
|poke|p2|Iron Moth|
|teampreview
|
|t:|1743847962
|start
|switch|p1a: Landorus|Landorus-Therian, M|100/100
|switch|p2a: Spiritomb|Spiritomb, M|100/100
|-ability|p1a: Landorus|Intimidate|boost
|-unboost|p2a: Spiritomb|atk|1
|-ability|p2a: Spiritomb|Pressure
|turn|1
|
|t:|1743847978
|switch|p2a: Quaquaval|Quaquaval, M|100/100
|move|p1a: Landorus|U-turn|p2a: Quaquaval
|-resisted|p2a: Quaquaval
|-damage|p2a: Quaquaval|83/100
|
|t:|1743847985
|switch|p1a: Slowking|Slowking-Galar, M|100/100|[from] U-turn
|
|upkeep
|turn|2
|l|☆sarl7
|player|p2|
|inactive|Battle timer is ON: inactive players will automatically lose when time's up. (requested by piunicoulours)
|inactive|sarl7 has 30 seconds to reconnect!
|inactive|sarl7 has 20 seconds to reconnect!
|inactive|sarl7 has 15 seconds to reconnect!
|inactive|sarl7 has 10 seconds to reconnect!
|inactive|sarl7 has 5 seconds to reconnect!
|-message|sarl7 lost due to inactivity.
|
|win|piunicoulours
|raw|piunicoulours's rating: 1363 &rarr; <strong>1382</strong><br />(+19 for winning)
|raw|sarl7's rating: 1337 &rarr; <strong>1318</strong><br />(-19 for losing)
|l|☆piunicoulours
|player|p1|
