|j|☆ghostyy fellow
|j|☆twomat0s
|t:|1743804849
|gametype|singles
|player|p1|ghostyy fellow|miku-fire|1062
|player|p2|twomat0s|psychic-gen2|1050
|teamsize|p1|3
|teamsize|p2|6
|gen|9
|tier|[Gen 9] OU
|rated|
|rule|HP Percentage Mod: HP is shown in percentages
|rule|Endless Battle Clause: Forcing endless battles is banned
|rule|Species Clause: Limit one of each Pokémon
|rule|OHKO Clause: OHKO moves are banned
|rule|Evasion Items Clause: Evasion items are banned
|rule|Evasion Moves Clause: Evasion moves are banned
|rule|Sleep Moves Clause: Sleep-inducing moves are banned
|clearpoke
|poke|p1|Tinkaton, F|
|poke|p1|Tinkatuff, F|
|poke|p1|Tinkatink, F|
|poke|p2|Scizor, M|
|poke|p2|Primarina, M|
|poke|p2|Hydrapple, M|
|poke|p2|Cinderace, M|
|poke|p2|Darkrai|
|poke|p2|Landorus-Therian, M|
|teampreview
|inactive|Battle timer is ON: inactive players will automatically lose when time's up. (requested by ghostyy fellow)
|c|☆ghostyy fellow|tinkarun
|
|t:|1743804857
|start
|switch|p1a: Tinkatink|Tinkatink, F|100/100
|switch|p2a: Steve Nash|Cinderace, M|100/100
|-ability|p1a: Tinkatink|Mold Breaker
|turn|1
|
|t:|1743804864
|move|p2a: Steve Nash|Pyro Ball|p1a: Tinkatink
|-supereffective|p1a: Tinkatink
|-crit|p1a: Tinkatink
|-damage|p1a: Tinkatink|0 fnt
|faint|p1a: Tinkatink
|
|upkeep
|
|t:|1743804867
|switch|p1a: Tinkatuff|Tinkatuff, F|100/100
|-ability|p1a: Tinkatuff|Mold Breaker
|turn|2
|
|t:|1743804870
|move|p1a: Tinkatuff|Skitter Smack|p2a: Steve Nash
|-resisted|p2a: Steve Nash
|-damage|p2a: Steve Nash|90/100
|-unboost|p2a: Steve Nash|spa|1
|move|p2a: Steve Nash|Pyro Ball|p1a: Tinkatuff
|-supereffective|p1a: Tinkatuff
|-damage|p1a: Tinkatuff|0 fnt
|faint|p1a: Tinkatuff
|
|upkeep
|
|t:|1743804876
|switch|p1a: Tinkaton|Tinkaton, F|100/100
|-ability|p1a: Tinkaton|Mold Breaker
|turn|3
|
|t:|1743804878
|move|p1a: Tinkaton|Skitter Smack|p2a: Steve Nash
|-resisted|p2a: Steve Nash
|-damage|p2a: Steve Nash|77/100
|-unboost|p2a: Steve Nash|spa|1
|move|p2a: Steve Nash|Pyro Ball|p1a: Tinkaton
|-supereffective|p1a: Tinkaton
|-damage|p1a: Tinkaton|0 fnt
|faint|p1a: Tinkaton
|
|win|twomat0s
|raw|ghostyy fellow's rating: 1062 &rarr; <strong>1042</strong><br />(-20 for losing)
|raw|twomat0s's rating: 1050 &rarr; <strong>1084</strong><br />(+34 for winning)
|c|☆twomat0s|close
|c|☆ghostyy fellow|real close
|c|☆ghostyy fellow|i almost won
|l|☆twomat0s
|player|p2|
|l|☆ghostyy fellow
|player|p1|
