|j|☆Aiaoqppqqppq
|j|☆Kokushibou42
|t:|1743842153
|gametype|singles
|player|p1|Aiaoqppqqppq|170|1000
|player|p2|Kokushibou42|benga|1044
|teamsize|p1|6
|teamsize|p2|6
|gen|9
|tier|[Gen 9] OU
|rated|
|rule|HP Percentage Mod: HP is shown in percentages
|rule|Endless Battle Clause: Forcing endless battles is banned
|rule|Species Clause: Limit one of each Pokémon
|rule|OHKO Clause: OHKO moves are banned
|rule|Evasion Items Clause: Evasion items are banned
|rule|Evasion Moves Clause: Evasion moves are banned
|rule|Sleep Moves Clause: Sleep-inducing moves are banned
|clearpoke
|poke|p1|Araquanid, F|
|poke|p1|Raging Bolt|
|poke|p1|Iron Moth|
|poke|p1|Great Tusk|
|poke|p1|Gholdengo|
|poke|p1|Kingambit, F|
|poke|p2|Breloom, F|
|poke|p2|Tornadus, M|
|poke|p2|Dragalge, M|
|poke|p2|Probopass, M|
|poke|p2|Gengar, F|
|poke|p2|Inteleon, F|
|teampreview
|
|t:|1743842158
|start
|switch|p1a: Araquanid|Araquanid, F|100/100
|switch|p2a: Gengar|Gengar, F|100/100
|turn|1
|
|t:|1743842164
|move|p2a: Gengar|Trick|p1a: Araquanid
|-activate|p2a: Gengar|move: Trick|[of] p1a: Araquanid
|-item|p1a: Araquanid|Black Sludge|[from] move: Trick
|-item|p2a: Gengar|Custap Berry|[from] move: Trick
|move|p1a: Araquanid|Sticky Web|p2a: Gengar
|-sidestart|p2: Kokushibou42|move: Sticky Web
|
|-damage|p1a: Araquanid|88/100|[from] item: Black Sludge
|upkeep
|turn|2
|
|t:|1743842175
|move|p2a: Gengar|Night Shade|p1a: Araquanid
|-damage|p1a: Araquanid|59/100
|move|p1a: Araquanid|Liquidation|p2a: Gengar
|-damage|p2a: Gengar|39/100
|-unboost|p2a: Gengar|def|1
|
|-damage|p1a: Araquanid|46/100|[from] item: Black Sludge
|upkeep
|turn|3
|-message|Kokushibou42 forfeited.
|
|win|Aiaoqppqqppq
|raw|Aiaoqppqqppq's rating: 1000 &rarr; <strong>1045</strong><br />(+45 for winning)
|raw|Kokushibou42's rating: 1044 &rarr; <strong>1025</strong><br />(-19 for losing)
|l|☆Kokushibou42
|player|p2|
