|j|☆Brodie9069
|j|☆HuawhiFanBabs
|t:|1743849814
|gametype|singles
|player|p1|Brodie9069|pokemonbreeder-gen4|1104
|player|p2|HuawhiFanBabs|psychic-gen2|1119
|teamsize|p1|6
|teamsize|p2|6
|gen|9
|tier|[Gen 9] OU
|rated|
|rule|HP Percentage Mod: HP is shown in percentages
|rule|Endless Battle Clause: Forcing endless battles is banned
|rule|Species Clause: Limit one of each Pokémon
|rule|OHKO Clause: OHKO moves are banned
|rule|Evasion Items Clause: Evasion items are banned
|rule|Evasion Moves Clause: Evasion moves are banned
|rule|Sleep Moves Clause: Sleep-inducing moves are banned
|clearpoke
|poke|p1|Ninetales-Alola, M|
|poke|p1|Froslass, F|
|poke|p1|Mamoswine, F|
|poke|p1|Sandslash-Alola, M|
|poke|p1|Cetitan, F|
|poke|p1|Rotom-Frost|
|poke|p2|Hydrapple, F|
|poke|p2|Tinkaton, F|
|poke|p2|Moltres|
|poke|p2|Rotom-Wash|
|poke|p2|Great Tusk|
|poke|p2|Darkrai|
|teampreview
|inactive|Battle timer is ON: inactive players will automatically lose when time's up. (requested by Brodie9069)
|inactive|HuawhiFanBabs has 120 seconds left.
|
|t:|1743849847
|start
|switch|p1a: Shy Smoulder|Froslass, F|100/100
|switch|p2a: Tinkaton|Tinkaton, F|100/100
|-ability|p2a: Tinkaton|Mold Breaker
|turn|1
|
|t:|1743849866
|move|p1a: Shy Smoulder|Thunder Wave|p2a: Tinkaton
|-status|p2a: Tinkaton|par
|move|p2a: Tinkaton|Stealth Rock|p1a: Shy Smoulder
|-sidestart|p1: Brodie9069|move: Stealth Rock
|
|upkeep
|turn|2
|
|t:|1743849871
|move|p1a: Shy Smoulder|Destiny Bond|p1a: Shy Smoulder
|-singlemove|p1a: Shy Smoulder|Destiny Bond
|move|p2a: Tinkaton|Knock Off|p1a: Shy Smoulder
|-supereffective|p1a: Shy Smoulder
|-damage|p1a: Shy Smoulder|53/100
|-enditem|p1a: Shy Smoulder|Icy Rock|[from] move: Knock Off|[of] p2a: Tinkaton
|
|upkeep
|turn|3
|
|t:|1743849880
|move|p1a: Shy Smoulder|Snowscape|p1a: Shy Smoulder
|-weather|Snowscape
|move|p2a: Tinkaton|Encore|p1a: Shy Smoulder
|-start|p1a: Shy Smoulder|Encore
|
|-weather|Snowscape|[upkeep]
|upkeep
|turn|4
|
|t:|1743849890
|switch|p1a: BigFreeza|Rotom-Frost|100/100
|move|p2a: Tinkaton|Gigaton Hammer|p1a: BigFreeza
|-damage|p1a: BigFreeza|69/100
|
|-weather|Snowscape|[upkeep]
|upkeep
|turn|5
|-message|Brodie9069 forfeited.
|
|win|HuawhiFanBabs
|raw|Brodie9069's rating: 1104 &rarr; <strong>1080</strong><br />(-24 for losing)
|raw|HuawhiFanBabs's rating: 1119 &rarr; <strong>1143</strong><br />(+24 for winning)
|l|☆Brodie9069
|player|p1|
|l|☆HuawhiFanBabs
|player|p2|
