|j|☆LiDaPang
|j|☆Kirisamer
|t:|1743921266
|gametype|singles
|player|p1|LiDaPang|bugcatcher-gen4dp|1076
|player|p2|Kirisamer|dawn-gen4pt|1095
|teamsize|p1|6
|teamsize|p2|6
|gen|9
|tier|[Gen 9] OU
|rated|
|rule|HP Percentage Mod: HP is shown in percentages
|rule|Endless Battle Clause: Forcing endless battles is banned
|rule|Species Clause: Limit one of each Pokémon
|rule|OHKO Clause: OHKO moves are banned
|rule|Evasion Items Clause: Evasion items are banned
|rule|Evasion Moves Clause: Evasion moves are banned
|rule|Sleep Moves Clause: Sleep-inducing moves are banned
|clearpoke
|poke|p1|Glimmora, F|
|poke|p1|Zamazenta-*|
|poke|p1|Latias, F|
|poke|p1|Gholdengo|
|poke|p1|Dragonite, F|
|poke|p1|Weavile, M|
|poke|p2|Slowbro-Galar, M|
|poke|p2|Mienshao, M|
|poke|p2|Kingambit, M|
|poke|p2|Great Tusk|
|poke|p2|Oricorio-Sensu, F|
|poke|p2|Hatterene, F|
|teampreview
|inactive|Battle timer is ON: inactive players will automatically lose when time's up. (requested by LiDaPang)
|
|t:|1743921287
|start
|switch|p1a: Weavile|Weavile, M|100/100
|switch|p2a: Mienshao|Mienshao, M|100/100
|turn|1
|
|t:|1743921309
|move|p1a: Weavile|Knock Off|p2a: Mienshao
|-resisted|p2a: Mienshao
|-damage|p2a: Mienshao|41/100
|-enditem|p2a: Mienshao|Assault Vest|[from] move: Knock Off|[of] p1a: Weavile
|-damage|p1a: Weavile|91/100|[from] item: Life Orb
|move|p2a: Mienshao|Knock Off|p1a: Weavile
|-resisted|p1a: Weavile
|-damage|p1a: Weavile|63/100
|-enditem|p1a: Weavile|Life Orb|[from] move: Knock Off|[of] p2a: Mienshao
|
|upkeep
|turn|2
|
|t:|1743921324
|switch|p2a: Hatterene|Hatterene, F|100/100
|move|p1a: Weavile|Triple Axel|p2a: Hatterene
|-damage|p2a: Hatterene|89/100
|-damage|p2a: Hatterene|68/100
|-damage|p2a: Hatterene|35/100
|-hitcount|p2a: Hatterene|3
|
|upkeep
|turn|3
|
|t:|1743921332
|move|p1a: Weavile|Triple Axel|p2a: Hatterene
|-damage|p2a: Hatterene|25/100
|-enditem|p2a: Hatterene|Iapapa Berry|[eat]
|-heal|p2a: Hatterene|58/100|[from] item: Iapapa Berry
|-damage|p2a: Hatterene|35/100
|-crit|p2a: Hatterene
|-damage|p2a: Hatterene|0 fnt
|faint|p2a: Hatterene
|-hitcount|p2: Hatterene|3
|
|upkeep
|
|t:|1743921343
|switch|p2a: Mienshao|Mienshao, M|75/100
|turn|4
|
|t:|1743921356
|switch|p1a: Gholdengo|Gholdengo|100/100
|move|p2a: Mienshao|Fake Out|p1a: Gholdengo
|-immune|p1a: Gholdengo
|
|upkeep
|turn|5
|-message|Kirisamer forfeited.
|
|win|LiDaPang
|raw|LiDaPang's rating: 1076 &rarr; <strong>1106</strong><br />(+30 for winning)
|raw|Kirisamer's rating: 1095 &rarr; <strong>1069</strong><br />(-26 for losing)
|l|☆Kirisamer
|player|p2|
|l|☆LiDaPang
|player|p1|
