|j|☆garagem deu re
|j|☆ChaosKoko
|t:|1743913014
|gametype|singles
|player|p1|garagem deu re|nate|1057
|player|p2|ChaosKoko|101|1101
|teamsize|p1|6
|teamsize|p2|6
|gen|9
|tier|[Gen 9] OU
|rated|
|rule|HP Percentage Mod: HP is shown in percentages
|rule|Endless Battle Clause: Forcing endless battles is banned
|rule|Species Clause: Limit one of each Pokémon
|rule|OHKO Clause: OHKO moves are banned
|rule|Evasion Items Clause: Evasion items are banned
|rule|Evasion Moves Clause: Evasion moves are banned
|rule|Sleep Moves Clause: Sleep-inducing moves are banned
|clearpoke
|poke|p1|Dragapult, M|
|poke|p1|Galvantula, F|
|poke|p1|Excadrill, F|
|poke|p1|Venusaur, M|
|poke|p1|Cinderace, F|
|poke|p1|Azumarill, M|
|poke|p2|Kyurem|
|poke|p2|Suicune|
|poke|p2|Enamorus, F|
|poke|p2|Entei|
|poke|p2|Rotom-Mow|
|poke|p2|Tinkaton, F|
|teampreview
|
|t:|1743913043
|start
|switch|p1a: Cinderace|Cinderace, F|100/100
|switch|p2a: Tinkaton|Tinkaton, F|100/100
|turn|1
|
|t:|1743913051
|move|p1a: Cinderace|Pyro Ball|p2a: Tinkaton
|-supereffective|p2a: Tinkaton
|-damage|p2a: Tinkaton|0 fnt
|faint|p2a: Tinkaton
|
|upkeep
|
|t:|1743913056
|switch|p2a: Timoothy|Suicune, shiny|100/100
|turn|2
|
|t:|1743913065
|move|p1a: Cinderace|U-turn|p2a: Timoothy
|-start|p1a: Cinderace|typechange|Bug|[from] ability: Libero
|-damage|p2a: Timoothy|79/100
|
|t:|1743913069
|switch|p1a: Venusaur|Venusaur, M|100/100|[from] U-turn
|move|p2a: Timoothy|Scald|p1a: Venusaur
|-resisted|p1a: Venusaur
|-damage|p1a: Venusaur|89/100
|
|upkeep
|turn|3
|
|t:|1743913077
|switch|p2a: Rotom|Rotom-Mow|100/100
|move|p1a: Venusaur|Knock Off|p2a: Rotom
|-damage|p2a: Rotom|84/100
|-enditem|p2a: Rotom|Focus Sash|[from] move: Knock Off|[of] p1a: Venusaur
|
|upkeep
|turn|4
|
|t:|1743913111
|switch|p2a: Timoothy|Suicune, shiny|79/100
|move|p1a: Venusaur|Giga Drain|p2a: Timoothy
|-supereffective|p2a: Timoothy
|-damage|p2a: Timoothy|43/100
|-heal|p1a: Venusaur|100/100|[from] drain|[of] p2a: Timoothy
|
|upkeep
|turn|5
|
|t:|1743913126
|switch|p2a: Rotom|Rotom-Mow|84/100
|move|p1a: Venusaur|Knock Off|p2a: Rotom
|-damage|p2a: Rotom|72/100
|
|upkeep
|turn|6
|-message|ChaosKoko forfeited.
|
|win|garagem deu re
|raw|garagem deu re's rating: 1057 &rarr; <strong>1092</strong><br />(+35 for winning)
|raw|ChaosKoko's rating: 1101 &rarr; <strong>1073</strong><br />(-28 for losing)
|l|☆ChaosKoko
|player|p2|
|l|☆garagem deu re
|player|p1|
