|j|☆KurbyK14
|j|☆Ghostrunner103
|t:|1743826495
|gametype|singles
|player|p1|KurbyK14|pokemonranger-gen4|1178
|player|p2|Ghostrunner103|preschooler|1143
|teamsize|p1|6
|teamsize|p2|6
|gen|9
|tier|[Gen 9] OU
|rated|
|rule|HP Percentage Mod: HP is shown in percentages
|rule|Endless Battle Clause: Forcing endless battles is banned
|rule|Species Clause: Limit one of each Pokémon
|rule|OHKO Clause: OHKO moves are banned
|rule|Evasion Items Clause: Evasion items are banned
|rule|Evasion Moves Clause: Evasion moves are banned
|rule|Sleep Moves Clause: Sleep-inducing moves are banned
|clearpoke
|poke|p1|Leavanny, M|
|poke|p1|Torkoal, M|
|poke|p1|Walking Wake|
|poke|p1|Great Tusk|
|poke|p1|Venusaur, M|
|poke|p1|Ceruledge, M|
|poke|p2|Kleavor, F|
|poke|p2|Keldeo|
|poke|p2|Dragapult, F|
|poke|p2|Hoopa-Unbound|
|poke|p2|Gliscor, F|
|poke|p2|Gholdengo|
|teampreview
|inactive|Battle timer is ON: inactive players will automatically lose when time's up. (requested by KurbyK14)
|inactive|Ghostrunner103 has 120 seconds left.
|inactive|Ghostrunner103 has 90 seconds left.
|
|t:|1743826571
|start
|switch|p1a: Walking Wake|Walking Wake|100/100
|switch|p2a: Keldeo|Keldeo|100/100
|turn|1
|
|t:|1743826584
|-end|p1a: Walking Wake|Protosynthesis|[silent]
|switch|p1a: Torkoal|Torkoal, M|100/100
|-weather|SunnyDay|[from] ability: Drought|[of] p1a: Torkoal
|switch|p2a: Dragapult|Dragapult, F|100/100
|
|-weather|SunnyDay|[upkeep]
|upkeep
|turn|2
|
|t:|1743826601
|move|p2a: Dragapult|U-turn|p1a: Torkoal
|-resisted|p1a: Torkoal
|-damage|p1a: Torkoal|91/100
|
|t:|1743826603
|switch|p2a: Kleavor|Kleavor, F|100/100|[from] U-turn
|move|p1a: Torkoal|Stealth Rock|p2a: Kleavor
|-sidestart|p2: Ghostrunner103|move: Stealth Rock
|
|-weather|SunnyDay|[upkeep]
|upkeep
|turn|3
|
|t:|1743826612
|move|p2a: Kleavor|Stone Axe|p1a: Torkoal
|-supereffective|p1a: Torkoal
|-damage|p1a: Torkoal|29/100
|-sidestart|p1: KurbyK14|move: Stealth Rock
|move|p1a: Torkoal|Will-O-Wisp|p2a: Kleavor
|-status|p2a: Kleavor|brn
|
|-weather|SunnyDay|[upkeep]
|-damage|p2a: Kleavor|94/100 brn|[from] brn
|upkeep
|turn|4
|
|t:|1743826639
|switch|p1a: Great Tusk|Great Tusk|100/100
|-damage|p1a: Great Tusk|98/100|[from] Stealth Rock
|-activate|p1a: Great Tusk|ability: Protosynthesis
|-start|p1a: Great Tusk|protosynthesisatk
|move|p2a: Kleavor|Stone Axe|p1a: Great Tusk
|-resisted|p1a: Great Tusk
|-damage|p1a: Great Tusk|92/100
|-damage|p2a: Kleavor|78/100 brn|[from] item: Rocky Helmet|[of] p1a: Great Tusk
|
|-weather|SunnyDay|[upkeep]
|-damage|p2a: Kleavor|72/100 brn|[from] brn
|upkeep
|turn|5
|-message|Ghostrunner103 forfeited.
|
|win|KurbyK14
|raw|KurbyK14's rating: 1178 &rarr; <strong>1200</strong><br />(+22 for winning)
|raw|Ghostrunner103's rating: 1143 &rarr; <strong>1121</strong><br />(-22 for losing)
|l|☆Ghostrunner103
|player|p2|
|l|☆KurbyK14
|player|p1|
