|j|☆coluve
|j|☆Athenes10
|t:|1743888472
|gametype|singles
|player|p1|coluve|pokekid|1198
|player|p2|Athenes10|101|1249
|teamsize|p1|6
|teamsize|p2|6
|gen|9
|tier|[Gen 9] OU
|rated|
|rule|HP Percentage Mod: HP is shown in percentages
|rule|Endless Battle Clause: Forcing endless battles is banned
|rule|Species Clause: Limit one of each Pokémon
|rule|OHKO Clause: OHKO moves are banned
|rule|Evasion Items Clause: Evasion items are banned
|rule|Evasion Moves Clause: Evasion moves are banned
|rule|Sleep Moves Clause: Sleep-inducing moves are banned
|clearpoke
|poke|p1|Diancie|
|poke|p1|Ursaluna, M|
|poke|p1|Articuno-Galar|
|poke|p1|Slowking-Galar, M|
|poke|p1|Kingambit, M|
|poke|p1|Hoopa-Unbound|
|poke|p2|Kingambit, F|
|poke|p2|Iron Moth|
|poke|p2|Iron Valiant|
|poke|p2|Zamazenta-*|
|poke|p2|Landorus-Therian, M|
|poke|p2|Samurott-Hisui, F|
|teampreview
|inactive|Battle timer is ON: inactive players will automatically lose when time's up. (requested by coluve)
|
|t:|1743888502
|start
|switch|p1a: Diancie|Diancie|100/100
|switch|p2a: Samurott|Samurott-Hisui, F|100/100
|turn|1
|
|t:|1743888510
|move|p2a: Samurott|Razor Shell|p1a: Diancie
|-supereffective|p1a: Diancie
|-damage|p1a: Diancie|35/100
|move|p1a: Diancie|Trick Room|p1a: Diancie
|-fieldstart|move: Trick Room|[of] p1a: Diancie
|
|upkeep
|turn|2
|
|t:|1743888522
|move|p1a: Diancie|Stealth Rock|p2a: Samurott
|-sidestart|p2: Athenes10|move: Stealth Rock
|move|p2a: Samurott|Ceaseless Edge|p1a: Diancie
|-resisted|p1a: Diancie
|-damage|p1a: Diancie|21/100
|-sidestart|p1: coluve|Spikes
|
|upkeep
|turn|3
|
|t:|1743888529
|move|p2a: Samurott|Aqua Jet|p1a: Diancie
|-supereffective|p1a: Diancie
|-damage|p1a: Diancie|0 fnt
|faint|p1a: Diancie
|
|upkeep
|inactive|coluve has 120 seconds left.
|
|t:|1743888565
|switch|p1a: Articuno|Articuno-Galar|100/100
|turn|4
|inactive|coluve has 120 seconds left.
|
|t:|1743888571
|move|p1a: Articuno|Hurricane|p2a: Samurott|[miss]
|-miss|p1a: Articuno|p2a: Samurott
|move|p2a: Samurott|Ceaseless Edge|p1a: Articuno
|-supereffective|p1a: Articuno
|-damage|p1a: Articuno|9/100
|-sidestart|p1: coluve|Spikes
|
|upkeep
|turn|5
|
|t:|1743888578
|move|p2a: Samurott|Aqua Jet|p1a: Articuno
|-damage|p1a: Articuno|0 fnt
|faint|p1a: Articuno
|
|-fieldend|move: Trick Room
|upkeep
|-message|coluve forfeited.
|
|win|Athenes10
|raw|coluve's rating: 1198 &rarr; <strong>1177</strong><br />(-21 for losing)
|raw|Athenes10's rating: 1249 &rarr; <strong>1270</strong><br />(+21 for winning)
|l|☆coluve
|player|p1|
|l|☆Athenes10
|player|p2|
