|j|☆Gucio Hendrych
|j|☆Huge Magnavox
|t:|1743933566
|gametype|singles
|player|p1|Gucio Hendrych|lucas-gen4pt|1101
|player|p2|Huge Magnavox|giovanni|1104
|teamsize|p1|2
|teamsize|p2|6
|gen|9
|tier|[Gen 9] OU
|rated|
|rule|HP Percentage Mod: HP is shown in percentages
|rule|Endless Battle Clause: Forcing endless battles is banned
|rule|Species Clause: Limit one of each Pokémon
|rule|OHKO Clause: OHKO moves are banned
|rule|Evasion Items Clause: Evasion items are banned
|rule|Evasion Moves Clause: Evasion moves are banned
|rule|Sleep Moves Clause: Sleep-inducing moves are banned
|clearpoke
|poke|p1|Starly, L1, M|
|poke|p1|Inteleon, M|
|poke|p2|Samurott-Hisui, M|
|poke|p2|Iron Valiant|
|poke|p2|Pecharunt|
|poke|p2|Reuniclus, M|
|poke|p2|Darkrai|
|poke|p2|Kingambit, F|
|teampreview
|inactive|Battle timer is ON: inactive players will automatically lose when time's up. (requested by Huge Magnavox)
|
|t:|1743933578
|start
|switch|p1a: Starly|Starly, L1, M, shiny|100/100
|switch|p2a: Samurott|Samurott-Hisui, M|100/100
|turn|1
|
|t:|1743933584
|move|p2a: Samurott|Taunt|p1a: Starly
|-start|p1a: Starly|move: Taunt
|move|p1a: Starly|Endeavor|p2a: Samurott
|-damage|p2a: Samurott|4/100
|
|upkeep
|turn|2
|
|t:|1743933594
|move|p2a: Samurott|Aqua Jet|p1a: Starly
|-enditem|p1a: Starly|Focus Sash
|-damage|p1a: Starly|9/100
|move|p1a: Starly|Acrobatics|p2a: Samurott
|-damage|p2a: Samurott|4/100
|
|upkeep
|turn|3
|
|t:|1743933602
|move|p2a: Samurott|Aqua Jet|p1a: Starly
|-damage|p1a: Starly|0 fnt
|faint|p1a: Starly
|
|upkeep
|
|t:|1743933608
|switch|p1a: Inteleon|Inteleon, M, shiny|100/100
|turn|4
|
|t:|1743933611
|move|p1a: Inteleon|Fell Stinger|p2a: Samurott
|-supereffective|p2a: Samurott
|-damage|p2a: Samurott|0 fnt
|faint|p2a: Samurott
|-boost|p1a: Inteleon|atk|3
|
|upkeep
|
|t:|1743933616
|switch|p2a: Darkrai|Darkrai|100/100
|turn|5
|
|t:|1743933620
|-terastallize|p1a: Inteleon|Water
|move|p1a: Inteleon|Aqua Jet|p2a: Darkrai
|-damage|p2a: Darkrai|21/100
|move|p2a: Darkrai|Knock Off|p1a: Inteleon
|-damage|p1a: Inteleon|32/100
|-enditem|p1a: Inteleon|Focus Sash|[from] move: Knock Off|[of] p2a: Darkrai
|
|upkeep
|turn|6
|
|t:|1743933629
|move|p2a: Darkrai|Sucker Punch|p1a: Inteleon
|-damage|p1a: Inteleon|0 fnt
|faint|p1a: Inteleon
|
|win|Huge Magnavox
|raw|Gucio Hendrych's rating: 1101 &rarr; <strong>1076</strong><br />(-25 for losing)
|raw|Huge Magnavox's rating: 1104 &rarr; <strong>1129</strong><br />(+25 for winning)
|l|☆Huge Magnavox
|player|p2|
