|j|☆Au genius
|j|☆stevenash12332
|t:|1743847567
|gametype|singles
|player|p1|Au genius|youngster-gen4dp|1077
|player|p2|stevenash12332|blue|1094
|teamsize|p1|5
|teamsize|p2|6
|gen|9
|tier|[Gen 9] OU
|rated|
|rule|HP Percentage Mod: HP is shown in percentages
|rule|Endless Battle Clause: Forcing endless battles is banned
|rule|Species Clause: Limit one of each Pokémon
|rule|OHKO Clause: OHKO moves are banned
|rule|Evasion Items Clause: Evasion items are banned
|rule|Evasion Moves Clause: Evasion moves are banned
|rule|Sleep Moves Clause: Sleep-inducing moves are banned
|clearpoke
|poke|p1|Duraludon, F|
|poke|p1|Inteleon, F|
|poke|p1|Meowscarada, F|
|poke|p1|Cramorant, M|
|poke|p1|Mimikyu, M|
|poke|p2|Raging Bolt|
|poke|p2|Glimmora, M|
|poke|p2|Corviknight, M|
|poke|p2|Ogerpon-Wellspring, F|
|poke|p2|Dragonite, F|
|poke|p2|Rillaboom, M|
|teampreview
|
|t:|1743847603
|start
|switch|p1a: Meowscarada|Meowscarada, F|100/100
|switch|p2a: Glimmora|Glimmora, M|100/100
|turn|1
|
|t:|1743847616
|move|p1a: Meowscarada|U-turn|p2a: Glimmora
|-start|p1a: Meowscarada|typechange|Bug|[from] ability: Protean
|-resisted|p2a: Glimmora
|-damage|p2a: Glimmora|82/100
|-activate|p2a: Glimmora|ability: Toxic Debris
|-sidestart|p1: Au genius|move: Toxic Spikes
|
|t:|1743847623
|switch|p1a: Cramorant|Cramorant, M|100/100|[from] U-turn
|move|p2a: Glimmora|Stealth Rock|p1a: Cramorant
|-sidestart|p1: Au genius|move: Stealth Rock
|
|upkeep
|turn|2
|
|t:|1743847658
|move|p2a: Glimmora|Power Gem|p1a: Cramorant
|-supereffective|p1a: Cramorant
|-damage|p1a: Cramorant|4/100
|move|p1a: Cramorant|Whirlpool|p2a: Glimmora
|-supereffective|p2a: Glimmora
|-damage|p2a: Glimmora|43/100
|-activate|p2a: Glimmora|move: Whirlpool|[of] p1a: Cramorant
|
|-damage|p2a: Glimmora|30/100|[from] move: Whirlpool|[partiallytrapped]
|upkeep
|turn|3
|l|☆Au genius
|player|p1|
|inactive|Battle timer is ON: inactive players will automatically lose when time's up. (requested by stevenash12332)
|inactive|Au genius has 30 seconds to reconnect!
|inactive|Au genius has 20 seconds to reconnect!
|inactive|Au genius has 15 seconds to reconnect!
|inactive|Au genius has 10 seconds to reconnect!
|inactive|Au genius has 5 seconds to reconnect!
|j|☆Au genius
|inactive|Au genius reconnected and has 95 seconds left.
|player|p1|Au genius|youngster-gen4dp|
|inactive|Au genius has 90 seconds left.
|l|☆Au genius
|inactive|Au genius disconnected and has a minute to reconnect!
|player|p1|
|inactive|Au genius has 30 seconds to reconnect!
|inactive|Au genius has 20 seconds to reconnect!
|inactive|Au genius has 15 seconds to reconnect!
|inactive|Au genius has 10 seconds to reconnect!
|inactive|Au genius has 5 seconds to reconnect!
|-message|Au genius lost due to inactivity.
|
|win|stevenash12332
|raw|Au genius's rating: 1077 &rarr; <strong>1058</strong><br />(-19 for losing)
|raw|stevenash12332's rating: 1114 &rarr; <strong>1136</strong><br />(+22 for winning)
|j|☆Au genius
|player|p1|Au genius|youngster-gen4dp|
|l|☆Au genius
|player|p1|
