|j|☆ArvenDs5
|j|☆sleep or study
|t:|1743817071
|gametype|singles
|player|p1|ArvenDs5|workerice|1171
|player|p2|sleep or study|265|1177
|teamsize|p1|6
|teamsize|p2|6
|gen|9
|tier|[Gen 9] OU
|rated|
|rule|HP Percentage Mod: HP is shown in percentages
|rule|Endless Battle Clause: Forcing endless battles is banned
|rule|Species Clause: Limit one of each Pokémon
|rule|OHKO Clause: OHKO moves are banned
|rule|Evasion Items Clause: Evasion items are banned
|rule|Evasion Moves Clause: Evasion moves are banned
|rule|Sleep Moves Clause: Sleep-inducing moves are banned
|clearpoke
|poke|p1|Torterra, M|
|poke|p1|Garchomp, M|
|poke|p1|Honchkrow, M|
|poke|p1|Glaceon, F|
|poke|p1|Gyarados, M|
|poke|p1|Dusknoir, M|
|poke|p2|Glimmora, F|
|poke|p2|Zamazenta-*|
|poke|p2|Latias, F|
|poke|p2|Gholdengo|
|poke|p2|Dragonite, M|
|poke|p2|Weavile, F|
|teampreview
|inactive|Battle timer is ON: inactive players will automatically lose when time's up. (requested by sleep or study)
|
|t:|1743817080
|start
|switch|p1a: Glaceon|Glaceon, F|100/100
|switch|p2a: Glimmora|Glimmora, F|100/100
|turn|1
|
|t:|1743817097
|move|p2a: Glimmora|Stealth Rock|p1a: Glaceon
|-sidestart|p1: ArvenDs5|move: Stealth Rock
|move|p1a: Glaceon|Ice Beam|p2a: Glimmora
|-damage|p2a: Glimmora|56/100
|-enditem|p2a: Glimmora|Red Card|[of] p1a: Glaceon
|drag|p1a: Gyarados|Gyarados, M|100/100
|-damage|p1a: Gyarados|75/100|[from] Stealth Rock
|-ability|p1a: Gyarados|Intimidate|boost
|-unboost|p2a: Glimmora|atk|1
|
|-heal|p1a: Gyarados|82/100|[from] item: Leftovers
|upkeep
|turn|2
|-message|ArvenDs5 forfeited.
|
|win|sleep or study
|raw|ArvenDs5's rating: 1148 &rarr; <strong>1125</strong><br />(-23 for losing)
|raw|sleep or study's rating: 1177 &rarr; <strong>1200</strong><br />(+23 for winning)
|l|☆ArvenDs5
|player|p1|
