|j|☆Hchd
|j|☆rnfmabj999
|t:|1743827683
|gametype|singles
|player|p1|Hchd|veteran|1076
|player|p2|rnfmabj999|steven|1053
|teamsize|p1|6
|teamsize|p2|6
|gen|9
|tier|[Gen 9] OU
|rated|
|rule|HP Percentage Mod: HP is shown in percentages
|rule|Endless Battle Clause: Forcing endless battles is banned
|rule|Species Clause: Limit one of each Pokémon
|rule|OHKO Clause: OHKO moves are banned
|rule|Evasion Items Clause: Evasion items are banned
|rule|Evasion Moves Clause: Evasion moves are banned
|rule|Sleep Moves Clause: Sleep-inducing moves are banned
|clearpoke
|poke|p1|Ninetales-Alola, F|
|poke|p1|Glaceon, M|
|poke|p1|Glastrier|
|poke|p1|Cryogonal|
|poke|p1|Abomasnow, M|
|poke|p1|Cloyster, M|
|poke|p2|Gliscor, M|
|poke|p2|Dragonite, F|
|poke|p2|Walking Wake|
|poke|p2|Great Tusk|
|poke|p2|Heatran, F|
|poke|p2|Torkoal, M|
|teampreview
|
|t:|1743827694
|start
|switch|p1a: Ninetales|Ninetales-Alola, F|100/100
|switch|p2a: Torkoal|Torkoal, M|100/100
|-weather|Snowscape|[from] ability: Snow Warning|[of] p1a: Ninetales
|-weather|SunnyDay|[from] ability: Drought|[of] p2a: Torkoal
|turn|1
|
|t:|1743827703
|move|p2a: Torkoal|Eruption|p1a: Ninetales
|-supereffective|p1a: Ninetales
|-damage|p1a: Ninetales|0 fnt
|faint|p1a: Ninetales
|
|-weather|SunnyDay|[upkeep]
|upkeep
|
|t:|1743827715
|switch|p1a: Cloyster|Cloyster, M|100/100
|turn|2
|
|t:|1743827723
|move|p1a: Cloyster|Shell Smash|p1a: Cloyster
|-unboost|p1a: Cloyster|def|1
|-unboost|p1a: Cloyster|spd|1
|-boost|p1a: Cloyster|atk|2
|-boost|p1a: Cloyster|spa|2
|-boost|p1a: Cloyster|spe|2
|-enditem|p1a: Cloyster|White Herb
|-clearnegativeboost|p1a: Cloyster|[silent]
|move|p2a: Torkoal|Eruption|p1a: Cloyster
|-damage|p1a: Cloyster|0 fnt
|faint|p1a: Cloyster
|
|-weather|SunnyDay|[upkeep]
|upkeep
|l|☆Hchd
|player|p1|
|inactive|Battle timer is ON: inactive players will automatically lose when time's up. (requested by rnfmabj999)
|inactive|Hchd has 30 seconds to reconnect!
|inactive|Hchd has 20 seconds to reconnect!
|inactive|Hchd has 15 seconds to reconnect!
|inactive|Hchd has 10 seconds to reconnect!
|inactive|Hchd has 5 seconds to reconnect!
|-message|Hchd lost due to inactivity.
|
|win|rnfmabj999
|raw|Hchd's rating: 1076 &rarr; <strong>1053</strong><br />(-23 for losing)
|raw|rnfmabj999's rating: 1053 &rarr; <strong>1087</strong><br />(+34 for winning)
|l|☆rnfmabj999
|player|p2|
