|j|☆judewai27
|j|‽kodomojanaimon17
|t:|1743825620
|gametype|singles
|player|p1|judewai27|policeman-gen4|1393
|player|p2|kodomojanaimon17|bugcatcher-gen1|1271
|teamsize|p1|6
|teamsize|p2|6
|gen|9
|tier|[Gen 9] OU
|rated|
|rule|HP Percentage Mod: HP is shown in percentages
|rule|Endless Battle Clause: Forcing endless battles is banned
|rule|Species Clause: Limit one of each Pokémon
|rule|OHKO Clause: OHKO moves are banned
|rule|Evasion Items Clause: Evasion items are banned
|rule|Evasion Moves Clause: Evasion moves are banned
|rule|Sleep Moves Clause: Sleep-inducing moves are banned
|clearpoke
|poke|p1|Zapdos|
|poke|p1|Great Tusk|
|poke|p1|Floatzel, M|
|poke|p1|Kingdra, F|
|poke|p1|Kingambit, F|
|poke|p1|Pelipper, F|
|poke|p2|Samurott-Hisui, F|
|poke|p2|Dragonite, M|
|poke|p2|Kingambit, M|
|poke|p2|Iron Moth|
|poke|p2|Iron Valiant|
|poke|p2|Moltres-Galar|
|teampreview
|inactive|Battle timer is ON: inactive players will automatically lose when time's up. (requested by judewai27)
|inactive|kodomojanaimon17 has 120 seconds left.
|inactive|kodomojanaimon17 has 90 seconds left.
|inactive|kodomojanaimon17 has 60 seconds left.
|inactive|kodomojanaimon17 has 30 seconds left.
|
|t:|1743825774
|start
|switch|p1a: Pelipper|Pelipper, F|100/100
|switch|p2a: Samurott|Samurott-Hisui, F|100/100
|-weather|RainDance|[from] ability: Drizzle|[of] p1a: Pelipper
|turn|1
|-message|kodomojanaimon17 forfeited.
|
|win|judewai27
|raw|judewai27's rating: 1393 &rarr; <strong>1405</strong><br />(+12 for winning)
|raw|kodomojanaimon17's rating: 1241 &rarr; <strong>1226</strong><br />(-15 for losing)
|l|‽kodomojanaimon17
|player|p2|
|l|☆judewai27
|player|p1|
