|j|☆WanderingTrainerll
|j|☆hamburgerking
|t:|1743829884
|gametype|singles
|player|p1|WanderingTrainerll|266|1127
|player|p2|hamburgerking|baker|1115
|teamsize|p1|6
|teamsize|p2|6
|gen|9
|tier|[Gen 9] OU
|rated|
|rule|HP Percentage Mod: HP is shown in percentages
|rule|Endless Battle Clause: Forcing endless battles is banned
|rule|Species Clause: Limit one of each Pokémon
|rule|OHKO Clause: OHKO moves are banned
|rule|Evasion Items Clause: Evasion items are banned
|rule|Evasion Moves Clause: Evasion moves are banned
|rule|Sleep Moves Clause: Sleep-inducing moves are banned
|clearpoke
|poke|p1|Breloom, M|
|poke|p1|Galvantula, M|
|poke|p1|Cinccino, F|
|poke|p1|Espeon, F|
|poke|p1|Klefki, F|
|poke|p1|Flygon, M|
|poke|p2|Raging Bolt|
|poke|p2|Pecharunt|
|poke|p2|Great Tusk|
|poke|p2|Dondozo, F|
|poke|p2|Kyurem|
|poke|p2|Cinderace, M|
|teampreview
|
|t:|1743829890
|start
|switch|p1a: Clara Klinky|Klefki, F, shiny|100/100
|switch|p2a: Cinderace|Cinderace, M|100/100
|turn|1
|
|t:|1743829897
|move|p1a: Clara Klinky|Switcheroo|p2a: Cinderace
|-activate|p1a: Clara Klinky|move: Trick|[of] p2a: Cinderace
|-item|p2a: Cinderace|Choice Specs|[from] move: Switcheroo
|-item|p1a: Clara Klinky|Heavy-Duty Boots|[from] move: Switcheroo
|move|p2a: Cinderace|Pyro Ball|p1a: Clara Klinky
|-supereffective|p1a: Clara Klinky
|-damage|p1a: Clara Klinky|24/100
|
|upkeep
|turn|2
|
|t:|1743829903
|move|p1a: Clara Klinky|Light Screen|p1a: Clara Klinky
|-sidestart|p1: WanderingTrainerll|move: Light Screen
|move|p2a: Cinderace|Pyro Ball|p1a: Clara Klinky
|-supereffective|p1a: Clara Klinky
|-damage|p1a: Clara Klinky|0 fnt
|faint|p1a: Clara Klinky
|
|upkeep
|
|t:|1743829919
|switch|p1a: Cammie Cappuccino|Cinccino, F, shiny|100/100
|turn|3
|
|t:|1743829922
|move|p2a: Cinderace|Pyro Ball|p1a: Cammie Cappuccino|[miss]
|-miss|p2a: Cinderace|p1a: Cammie Cappuccino
|move|p1a: Cammie Cappuccino|Tidy Up|p1a: Cammie Cappuccino
|-boost|p1a: Cammie Cappuccino|atk|1
|-boost|p1a: Cammie Cappuccino|spe|1
|
|upkeep
|turn|4
|
|t:|1743829931
|move|p1a: Cammie Cappuccino|Rock Blast|p2a: Cinderace
|-supereffective|p2a: Cinderace
|-damage|p2a: Cinderace|64/100
|-supereffective|p2a: Cinderace
|-damage|p2a: Cinderace|26/100
|-supereffective|p2a: Cinderace
|-damage|p2a: Cinderace|0 fnt
|faint|p2a: Cinderace
|-hitcount|p2: Cinderace|3
|
|upkeep
|-message|hamburgerking forfeited.
|
|win|WanderingTrainerll
|raw|WanderingTrainerll's rating: 1127 &rarr; <strong>1151</strong><br />(+24 for winning)
|raw|hamburgerking's rating: 1115 &rarr; <strong>1091</strong><br />(-24 for losing)
|l|☆hamburgerking
|player|p2|
