|j|☆revansubs
|j|☆mercallus
|inactive|Battle timer is ON: inactive players will automatically lose when time's up.
|t:|1743863583
|gametype|singles
|player|p1|revansubs|pokekid|
|player|p2|mercallus|266|
|teamsize|p1|6
|teamsize|p2|1
|gen|9
|tier|[Gen 9] OU
|rated|Tournament battle
|rule|HP Percentage Mod: HP is shown in percentages
|rule|Endless Battle Clause: Forcing endless battles is banned
|rule|OHKO Clause: OHKO moves are banned
|rule|Evasion Items Clause: Evasion items are banned
|rule|Evasion Moves Clause: Evasion moves are banned
|rule|Sleep Moves Clause: Sleep-inducing moves are banned
|clearpoke
|poke|p1|Rotom-Heat|
|poke|p1|Rotom-Wash|
|poke|p1|Rotom-Mow|
|poke|p1|Rotom-Heat|
|poke|p1|Rotom-Wash|
|poke|p1|Rotom-Wash|
|poke|p2|Rotom-Heat|
|teampreview
|j|*Lady Monita ❄
|inactive|mercallus also wants the timer to be on.
|c|☆revansubs|bruhhhhh
|c|☆mercallus|but why...
|c|☆mercallus|i could not made i team with more than 1 rotom
|inactive|mercallus has 120 seconds left.
|c|☆revansubs|bro validate using the tours validate button
|j| Arepa asada
|c|☆mercallus|i did
|inactive|mercallus has 90 seconds left.
|c|☆mercallus|it always told me i cant use more than q
|c|☆mercallus|*1
|c|☆revansubs|it did not for me
|c|☆mercallus|haha it is a gg
|
|t:|1743863664
|start
|switch|p1a: Rotom|Rotom-Wash|100/100
|switch|p2a: Rotom|Rotom-Heat|100/100
|turn|1
|
|t:|1743863673
|-terastallize|p2a: Rotom|Electric
|move|p2a: Rotom|Trick|p1a: Rotom
|-activate|p2a: Rotom|move: Trick|[of] p1a: Rotom
|-item|p1a: Rotom|Choice Scarf|[from] move: Trick
|-item|p2a: Rotom|Leftovers|[from] move: Trick
|move|p1a: Rotom|Hydro Pump|p2a: Rotom
|-damage|p2a: Rotom|50/100
|
|-heal|p2a: Rotom|57/100|[from] item: Leftovers
|upkeep
|turn|2
|
|t:|1743863683
|move|p1a: Rotom|Hydro Pump|p2a: Rotom
|-damage|p2a: Rotom|8/100
|move|p2a: Rotom|Thunderbolt|p1a: Rotom
|-damage|p1a: Rotom|60/100
|
|-heal|p2a: Rotom|14/100|[from] item: Leftovers
|upkeep
|turn|3
|
|t:|1743863690
|move|p1a: Rotom|Hydro Pump|p2a: Rotom
|-damage|p2a: Rotom|0 fnt
|faint|p2a: Rotom
|
|win|revansubs
|n|☆revansubs|revansubs
|n|☆mercallus|mercallus
|n|*Lady Monita ❄|ladymonita
|n| Arepa asada|arepaasada
