|j|☆bjlsshen
|j|☆KirbyKillua
|t:|1743835279
|gametype|singles
|player|p1|bjlsshen|volkner|1129
|player|p2|KirbyKillua|miku-water|1166
|teamsize|p1|6
|teamsize|p2|6
|gen|9
|tier|[Gen 9] OU
|rated|
|rule|HP Percentage Mod: HP is shown in percentages
|rule|Endless Battle Clause: Forcing endless battles is banned
|rule|Species Clause: Limit one of each Pokémon
|rule|OHKO Clause: OHKO moves are banned
|rule|Evasion Items Clause: Evasion items are banned
|rule|Evasion Moves Clause: Evasion moves are banned
|rule|Sleep Moves Clause: Sleep-inducing moves are banned
|clearpoke
|poke|p1|Zoroark-Hisui, M|
|poke|p1|Primarina, F|
|poke|p1|Gholdengo|
|poke|p1|Kingambit, M|
|poke|p1|Landorus-Therian, M|
|poke|p1|Dragapult, F|
|poke|p2|Meowscarada, M|
|poke|p2|Ogerpon-Wellspring, F|
|poke|p2|Decidueye, M|
|poke|p2|Cinderace, M|
|poke|p2|Alcremie-Ruby-Cream, F|
|poke|p2|Tinkaton, F|
|teampreview
|inactive|Battle timer is ON: inactive players will automatically lose when time's up. (requested by KirbyKillua)
|inactive|bjlsshen has 120 seconds left.
|
|t:|1743835323
|start
|switch|p1a: Landorus|Landorus-Therian, M|100/100
|switch|p2a: Meowscarada|Meowscarada, M|100/100
|-ability|p1a: Landorus|Intimidate|boost
|-unboost|p2a: Meowscarada|atk|1
|turn|1
|
|t:|1743835328
|move|p1a: Landorus|U-turn|p2a: Meowscarada
|-supereffective|p2a: Meowscarada
|-damage|p2a: Meowscarada|0 fnt
|faint|p2a: Meowscarada
|
|t:|1743835343
|switch|p1a: Gholdengo|Gholdengo|100/100|[from] U-turn
|-item|p1a: Gholdengo|Air Balloon
|
|upkeep
|
|t:|1743835355
|switch|p2a: Cinderace|Cinderace, M|100/100
|turn|2
|
|t:|1743835361
|-terastallize|p1a: Gholdengo|Water
|move|p2a: Cinderace|U-turn|p1a: Gholdengo
|-start|p2a: Cinderace|typechange|Bug|[from] ability: Libero
|-damage|p1a: Gholdengo|64/100
|-enditem|p1a: Gholdengo|Air Balloon
|
|t:|1743835367
|switch|p2a: Decidueye|Decidueye, M|100/100|[from] U-turn
|move|p1a: Gholdengo|Thunder Wave|p2a: Decidueye
|-status|p2a: Decidueye|par
|
|upkeep
|turn|3
|
|t:|1743835378
|move|p1a: Gholdengo|Hex|p2a: Decidueye
|-supereffective|p2a: Decidueye
|-damage|p2a: Decidueye|0 fnt
|faint|p2a: Decidueye
|
|upkeep
|
|t:|1743835381
|switch|p2a: Ogerpon|Ogerpon-Wellspring, F|100/100
|turn|4
|
|t:|1743835390
|switch|p1a: Kingambit|Kingambit, M|100/100
|move|p2a: Ogerpon|Play Rough|p1a: Kingambit|[miss]
|-miss|p2a: Ogerpon|p1a: Kingambit
|
|upkeep
|turn|5
|-message|KirbyKillua forfeited.
|
|win|bjlsshen
|raw|bjlsshen's rating: 1129 &rarr; <strong>1157</strong><br />(+28 for winning)
|raw|KirbyKillua's rating: 1166 &rarr; <strong>1138</strong><br />(-28 for losing)
|l|☆KirbyKillua
|player|p2|
|l|☆bjlsshen
|player|p1|
