|j|☆Anathema666
|j|☆Thealekz99
|t:|1743892389
|gametype|singles
|player|p1|Anathema666|265|1113
|player|p2|Thealekz99|veteran|1053
|teamsize|p1|6
|teamsize|p2|6
|gen|9
|tier|[Gen 9] OU
|rated|
|rule|HP Percentage Mod: HP is shown in percentages
|rule|Endless Battle Clause: Forcing endless battles is banned
|rule|Species Clause: Limit one of each Pokémon
|rule|OHKO Clause: OHKO moves are banned
|rule|Evasion Items Clause: Evasion items are banned
|rule|Evasion Moves Clause: Evasion moves are banned
|rule|Sleep Moves Clause: Sleep-inducing moves are banned
|clearpoke
|poke|p1|Gligar, M|
|poke|p1|Smeargle, F|
|poke|p1|Nosepass, F|
|poke|p1|Venomoth, M|
|poke|p1|Victreebel, M|
|poke|p1|Shelgon, F|
|poke|p2|Hitmonlee, M|
|poke|p2|Tyranitar, F|
|poke|p2|Feraligatr, M|
|poke|p2|Typhlosion-Hisui, M|
|poke|p2|Electivire, F|
|poke|p2|Moltres-Galar|
|teampreview
|
|t:|1743892400
|start
|switch|p1a: Nosepass|Nosepass, F|100/100
|switch|p2a: Electivire|Electivire, F, shiny|100/100
|turn|1
|inactive|Battle timer is ON: inactive players will automatically lose when time's up. (requested by Thealekz99)
|
|t:|1743892418
|move|p2a: Electivire|Bulk Up|p2a: Electivire
|-boost|p2a: Electivire|atk|1
|-boost|p2a: Electivire|def|1
|move|p1a: Nosepass|Curse|p1a: Nosepass
|-unboost|p1a: Nosepass|spe|1
|-boost|p1a: Nosepass|atk|1
|-boost|p1a: Nosepass|def|1
|
|upkeep
|turn|2
|
|t:|1743892427
|move|p2a: Electivire|Earthquake|p1a: Nosepass
|-supereffective|p1a: Nosepass
|-damage|p1a: Nosepass|42/100
|-damage|p2a: Electivire|91/100|[from] item: Life Orb
|move|p1a: Nosepass|Curse|p1a: Nosepass
|-unboost|p1a: Nosepass|spe|1
|-boost|p1a: Nosepass|atk|1
|-boost|p1a: Nosepass|def|1
|
|upkeep
|turn|3
|
|t:|1743892437
|move|p2a: Electivire|Earthquake|p1a: Nosepass
|-supereffective|p1a: Nosepass
|-damage|p1a: Nosepass|2/100
|-damage|p2a: Electivire|81/100|[from] item: Life Orb
|move|p1a: Nosepass|Rollout|p2a: Electivire
|-damage|p2a: Electivire|68/100
|
|upkeep
|turn|4
|
|t:|1743892451
|move|p2a: Electivire|Thunder Punch|p1a: Nosepass
|-damage|p1a: Nosepass|0 fnt
|faint|p1a: Nosepass
|-damage|p2a: Electivire|58/100|[from] item: Life Orb
|
|upkeep
|
|t:|1743892460
|switch|p1a: Gligar|Gligar, M|100/100
|turn|5
|
|t:|1743892465
|move|p2a: Electivire|Ice Punch|p1a: Gligar
|-supereffective|p1a: Gligar
|-damage|p1a: Gligar|0 fnt
|faint|p1a: Gligar
|-damage|p2a: Electivire|48/100|[from] item: Life Orb
|
|upkeep
|-message|Anathema666 forfeited.
|
|win|Thealekz99
|raw|Anathema666's rating: 1113 &rarr; <strong>1084</strong><br />(-29 for losing)
|raw|Thealekz99's rating: 1053 &rarr; <strong>1091</strong><br />(+38 for winning)
|l|☆Anathema666
|player|p1|
|l|☆Thealekz99
|player|p2|
